@book{martin2009clean,
  title={Clean code: A handbook of Agile Software Craftmanship},
  author={Martin, Robert C.},
  year={2009},
  publisher={Prentice Hall}
}